@online{MVC-wiki,
    author = {Wikipedia, enciclopedia libre},
    title = {Modelo-Vista-Contolador},
    url = {https://es.wikipedia.org/wiki/Modelo%E2%80%93vista%E2%80%93controlador},
    urldate = {2015-12-05}
}

@online{MVC-tiw,
    author = {Ejemplos TIW},
    title = {Modelo-Vista-Contolador},
    url = {http://www.lab.inf.uc3m.es/~a0080802/RAI/mvc.html},
    urldate = {2015-12-05}
}

@thesis{SOA-tesis,
    author = {María González Quiroga},
    title = {ESTUDIO DE ARQUITECTURAS DE
    REDES ORIENTADAS A SERVICIO},
    type = {PROYECTO FINAL DE CARRERA},
    institution = {Universidad Politécnica de Calalunya},
    date = {2011}
}

@book{SOA-libroGartner,
    author = {Gartner},
    title = {Predicts 2003: SOA is changing Software},
    date = {2002}
}

@online{SOA-wiki,
    author = {Wikipedia, enciclopedia libre},
    title = {Arquitectura orientada a servicios},
    url = {http://es.wikipedia.org/wiki/Arquitectura_orientada_a_servicios},
    urldate = {2015-12-04},
}

@online{SOA-msdn,
    author = {Microsoft},
    title = {Service Oriented Architecture},
    url = {https://msdn.microsoft.com/en-us/library/bb833022.aspx},
    urldate = {2015-12-04},
}

@online{JSON-jsonOrg,
    author = {Json Org},
    title = {Introducción a JSON},
    url = {http://www.json.org/json-es.html},
    urldate = {2015-11-25},
}

@online{JSON-yahoo,
    author = {Yahoo Developer Network},
    title = {Using JSON (JavaScript Object Notation) with Yahoo! Web Services},
    url = {http://web.archive.org/web/20100106010113/http://developer.yahoo.com/common/json.html},
    urldate = {2015-11-25},
}

@online{ANGULARJS-angularjs,
    author = {Google},
    title = {Superheroic JavaScript MVW Framework},
    url = {https://angularjs.org/},
    urldate = {2015-08-01},    
}

@online{JAVASCRIPT-wiki,
    author = {Wikipedia, La enciclopedia libre},
    title = {JavaScript},
    url = {https://es.wikipedia.org/wiki/JavaScript},
    urldate = {2015-08-01},
}

@online{JAVASCRIPT-w3school,
    author = {w3schools.com},
    title = {JavaScript Tutorial},
    url = {http://www.w3schools.com/js/},
    urldate = {2015-08-01},
}

@online{MYSQL-oracle,
    author = {ORACLE},
    title = {MySQL, The World's Most Popular Open Source Database},
    url = {http://www.oracle.com/us/products/mysql/overview/index.html},
    urldate = {2015-08-04},
}

